<record><leader>00000cas a22000007a 4500</leader><controlfield tag="001">22333588</controlfield><controlfield tag="008">900905c19639999nhucr ne      0    0eng d</controlfield><datafield ind1=" " ind2=" " tag="010"><subfield code="a">sn 90062372 </subfield></datafield><datafield ind1=" " ind2=" " tag="040"><subfield code="a">NVH</subfield><subfield code="b">eng</subfield><subfield code="c">NVH</subfield><subfield code="d">OCLCQ</subfield></datafield><datafield ind1="1" ind2=" " tag="029"><subfield code="a">AU@</subfield><subfield code="b">000046358803</subfield></datafield><datafield ind1=" " ind2=" " tag="042"><subfield code="a">msc</subfield></datafield><datafield ind1="0" ind2=" " tag="130"><subfield code="a">Derry news (Derry, N.H. : 1963)</subfield></datafield><datafield ind1="1" ind2="4" tag="245"><subfield code="a">The Derry news.</subfield></datafield><datafield ind1="3" ind2="0" tag="246"><subfield code="a">Derry twice weekly news</subfield></datafield><datafield ind1="1" ind2="3" tag="246"><subfield code="a">Derry news &amp; Salem enterprise</subfield></datafield><datafield ind1="1" ind2="7" tag="246"><subfield code="a">Derry-Salem news enterprise</subfield></datafield><datafield ind1="1" ind2="7" tag="246"><subfield code="a">Derry news-Salem enterprise</subfield></datafield><datafield ind1=" " ind2=" " tag="260"><subfield code="a">Derry, N.H. :</subfield><subfield code="b">Derry-Salem News &amp; Print.</subfield></datafield><datafield ind1=" " ind2=" " tag="300"><subfield code="a">v.</subfield></datafield><datafield ind1=" " ind2=" " tag="310"><subfield code="a">Semiweekly,</subfield><subfield code="b">Mar. 2, 1988-</subfield></datafield><datafield ind1=" " ind2=" " tag="321"><subfield code="a">Weekly,</subfield><subfield code="b">May 2, 1963-Jan. 7, 1965</subfield></datafield><datafield ind1=" " ind2=" " tag="321"><subfield code="a">Semiweekly,</subfield><subfield code="b">Jan. 14, 1965-Dec. 4, 1967</subfield></datafield><datafield ind1=" " ind2=" " tag="321"><subfield code="a">Weekly,</subfield><subfield code="b">Dec. 7, 1967-Feb. 25, 1988</subfield></datafield><datafield ind1="0" ind2=" " tag="362"><subfield code="a">Vol. 83, no. 9 (May 2, 1963)-</subfield></datafield><datafield ind1=" " ind2=" " tag="752"><subfield code="a">United States</subfield><subfield code="b">New Hampshire</subfield><subfield code="c">Rockingham</subfield><subfield code="d">Derry.</subfield></datafield><datafield ind1="0" ind2="0" tag="780"><subfield code="t">Derry news &amp; Salem enterprise</subfield><subfield code="w">(DLC)sn 90006237</subfield></datafield></record>